
@manual{ werken01reteoo,
	author="Bob McWhirter",
	title = "The Rete-OO Algorithm for Inference Rules in Object-Oriented Language Systems",
	year = "2001",
	address = "http://words.werken.com/bob/rete-oo.pdf"
}

@article{ forgy82rete,
    author = "Charles L. Forgy",
    title = "Rete: {A} Fast Algorithm for the Many Pattern/Many Object Pattern Match Problem",
    journal = "Artificial Intelligence",
    volume = "19",
    number = "1",
    pages = "17--37",
    year = "1982"
}

@manual{ haley93seamless,
  organization = "The Haley Enterprise",
  title = "Seamless Integration of Rules and Objects Using the Rete Algorithm and C++",
  text = "The Haley Enterprise. Rete++: Seamless Integration of Rules and Objects Using the Rete Algorithm and C++, 1993.",
  address = "http://www.haley.com/",
  year = "1994" 
}

@article{ gupta89highspeed,
    author = "Anoop Gupta and Charles Forgy and Allen Newell",
    title = "High-speed Implementations of Rule-Based Systems",
    journal = "ACM Transactions on Computer Systems",
    volume = "7",
    number = "2",
    pages = "119--146",
    year = "1989"
}
